<?xml version="1.0" encoding="UTF-8"?><collection xmlns="http://www.loc.gov/MARC21/slim"><record><leader>00492nam--2200169-i-4500</leader><controlfield tag="001">000033304</controlfield><controlfield tag="002">20161230</controlfield><controlfield tag="005">20161230201039</controlfield><controlfield tag="008">060222s1000------------r-----000-0-eng-d</controlfield><datafield ind1=" " ind2=" " tag="040"><subfield code="a">IFIN-HH</subfield></datafield><datafield ind1=" " ind2=" " tag="080"><subfield code="a">535.421</subfield></datafield><datafield ind1="1" ind2=" " tag="100"><subfield code="a">Guild, J</subfield></datafield><datafield ind1="1" ind2="0" tag="245"><subfield code="a">Diffraction gratings as measuring scvales. practical guide to the metrological use of moire fringes</subfield><subfield code="c">J. guild</subfield></datafield><datafield ind1=" " ind2=" " tag="260"><subfield code="a">London</subfield><subfield code="b">Oxford University Press</subfield><subfield code="c">1960</subfield></datafield><datafield ind1=" " ind2=" " tag="300"><subfield code="a">X+211P</subfield></datafield><datafield ind1=" " ind2=" " tag="852"><subfield code="a">23813</subfield><subfield code="c">53.08</subfield></datafield><datafield ind1=" " ind2=" " tag="CAT"><subfield code="a">Sys</subfield><subfield code="c">20151028</subfield><subfield code="h">092336</subfield></datafield></record></collection>